@book{
	inventors,
	author = {Paul Scherz},
	title = {Practical Electronics for Inventors},
    publisher = {The McGraw-Hill Companies},
	year = {2000}
}

@manual{sensor,
	title		= "GP2Y0A41SK0F proximity sensor datasheet",
	author		= "SHARP",
	organization	= "SHARP",

}

@manual{tricks,
	title		= "3V Tips ‘n Tricks",
	organization	= "Microchip Technology Inc.",
	address	= "Chandler, AZ 85224 U.S.A*",
	year		= "2006",
	note		= "5V to 3.3V interfacing",
}

@manual{linear_regulator,
	title		= "L78S 2 A positive voltage regulator IC",
	organization	= "STMicroelectronics",
	year		= "2014",
	note		= "linear regulator data sheet",
}


@manual{switching_regulator,
	title		= "LM2675 SIMPLE SWITCHER ® Power Converter High Efficiency 1A Step-Down Voltage Regulator",
	organization	= "National Semiconductor Corporation",
	year		= "2005",
	note		= "switching regulator data sheet",
}

